@Book{KasselQuantumGroups,
 Author = {Kassel, Christian},
 Title = {{Quantum groups}},
 FJournal = {{Graduate Texts in Mathematics}},
 Journal = {{Grad. Texts Math.}},
 ISSN = {0072-5285},
 Volume = {155},
 ISBN = {0-387-94370-6},
 Pages = {xii + 531},
 Year = {1995},
 Publisher = {New York, NY: Springer-Verlag},
 Language = {English},
 MSC2010 = {17B37 16W30 57M25 17-02 16-02 57-02 81R50 18D10},
 Zbl = {0808.17003}
}

@Book{MacLaneCategories,
 Author = {Mac Lane, Saunders},
 Title = {{Categories for the working mathematician.}},
 FJournal = {{Graduate Texts in Mathematics}},
 Journal = {{Grad. Texts Math.}},
 ISSN = {0072-5285},
 Volume = {5},
 ISBN = {0-387-98403-8},
 Pages = {xii + 314},
 Year = {1998},
 Publisher = {New York, NY: Springer},
 Language = {English},
 MSC2010 = {18-01},
 Zbl = {0906.18001}
}

@Book{GetzHahnAutomorphiRepresentations,
	Author = {Getz, Jayce R. and Hahn, Heekyoung},
	Title = {An Introduction to Automorphic Representations},
	Year = {2021},
	Publisher = {Springer},
	Language = {English},
}
